@ARTICLE{Mustafa2013b,
  author = {Sanam Mustafa and John Hannagan and Paul Rigby and Kevin Pfleger and Ben Corry},
  title = {Quantitative F{\"o}rster resonance energy transfer efficiency measurements using simultaneous spectral unmixing of excitation and emission spectra},
  volume = {18},
  year = {2012},
  entrykey = {Mustafa2013b}
}

@ARTICLE{bb0000,
  author = {AA bb and AA},
  title = {Nothing much},
  volume = {2},
  year = {0000},
  entrykey = {bb0000}
}

@ARTICLE{Thomson1848,
  entrykey = {Thomson1848},
  author = {W. {Thomson [Lord Kelvin]}},
  title = {On an absolute thermometric scale, founded on Carnot's theory of the motive power of heat},
  year = {1848}
}

@ARTICLE{Kelvin1869,
  author = {{Lord} Kelvin},
  title = {On vortex motion},
  volume = {25},
  year = {1869},
  entrykey = {Kelvin1869}
}

@ARTICLE{Yanny2009,
  author = {Brian Yanny and Constance Rockosi and Heidi Jo Newberg and Gillian R. Knapp and Jennifer K. Adelman-McCarthy and Bonnie Alcorn and Sahar Allam and Carlos Allende Prieto and Deokkeun An and Kurt S.~J. Anderson and Scott Anderson and Coryn A.~L. Bailer-Jones and Steve Bastian and Timothy C. Beers and Eric Bell and Vasily Belokurov and Dmitry Bizyaev and Norm Blythe and John J. Bochanski and William N. Boroski and Jarle Brinchmann and J. Brinkmann and Howard Brewington and Larry Carey and Kyle M. Cudworth and Michael Evans and N.~W. Evans and Evalyn Gates and B.~T. G{\"a}nsicke and Bruce Gillespie and Gerald Gilmore and Ada Nebot Gomez-Moran and Eva K. Grebel and Jim Greenwell and James E. Gunn and Cathy Jordan and Wendell Jordan and Paul Harding and Hugh Harris and John S. Hendry and Diana Holder and Inese I. Ivans and {\v{Z}}eljko Ivezi{\v{c}} and Sebastian Jester and Jennifer A. Johnson and Stephen M. Kent and Scot Kleinman and Alexei Kniazev and Jurek Krzesinski and Richard Kron and Nikolay Kuropatkin and Svetlana Lebedeva and Young Sun Lee and R. French Leger and S{\'e}bastien L{\'e}pine and Steve Levine and Huan Lin and Daniel C. Long and Craig Loomis and Robert Lupton and Olena Malanushenko and Viktor Malanushenko and Bruce Margon and David Martinez-Delgado and Peregrine McGehee and Dave Monet and Heather L. Morrison and Jeffrey A. Munn and Eric H. Neilsen Jr and Atsuko Nitta and John E. Norris and Dan Oravetz and Russell Owen and Nikhil Padmanabhan and Kaike Pan and R.~S. Peterson and Jeffrey R. Pier and Jared Platson and Paola Re Fiorentin and Gordon T. Richards and Hans-Walter Rix and David J. Schlegel and Donald P. Schneider and Matthias R. Schreiber and Axel Schwope and Valena Sibley and Audrey Simmons and Stephanie A. Snedden and J. Allyn Smith and Larry Stark and Fritz Stauffer and M. Steinmetz and C. Stoughton and Mark SubbaRao and Alex Szalay and Paula Szkody and Aniruddha R. Thakar and Sivarani Thirupathi and Douglas Tucker and Alan Uomoto and Dan Vanden Berk and Simon Vidrih and Yogesh Wadadekar and Shannon Watters and Ron Wilhelm and Rosemary F.~G. Wyse and Jean Yarger and Dan Zucker},
  title = {SEGUE: a spectroscopic survey of 240,000 stars with $g = 14$--20},
  alphalabel = {Az},
  volume = {137},
  year = {2009},
  entrykey = {Yanny2009}
}

@ARTICLE{Mustafa2013a,
  author = {Sanam Mustafa and John Hannagan and Paul Rigby and Kevin Pfleger and Ben Corry},
  title = {Quantitative F{\"o}rster resonance energy transfer efficiency measurements using simultaneous spectral unmixing of excitation and emission spectra},
  volume = {18},
  year = {2013},
  entrykey = {Mustafa2013a}
}

@ARTICLE{Mustafa2013,
  author = {Sanam Mustafa and John Hannagan and Paul Rigby and Kevin Pfleger and Ben Corry},
  title = {Quantitative Förster resonance energy transfer efficiency measurements using simultaneous spectral unmixing of excitation and emission spectra},
  volume = {18},
  year = {2013},
  entrykey = {Mustafa2013}
}

@ARTICLE{Chang1992,
  entrykey = {Chang1992},
  title = {Implementation scheme for recursion in spectral dimension},
  year = {1992},
  author = {Chein-I. Chang}
}

@ARTICLE{Blouke2000,
  title = {Sensors and Camera Systems for Scientific, Industrial, and Digital Photography Applications},
  volume = {6501},
  editor = {Morley M. Blouke and Nitin Sampat and Williams, Jr., George M. and Thomas Yeh},
  year = {2000},
  entrykey = {Blouke2000}
}

@ARTICLE{Strangekey,
  entrykey = {Strangekey},
  author = {Mister Aaa},
  title = {Noting of consequence},
  year = {1901}
}

@INCOLLECTION{Gemert1995,
  chapter = {3},
  publisher = {Plenum Press},
  title = {One dimensional transport theory},
  booktitle = {Optical-Thermal Response of Laer-Irradiated Tissue},
  author = {Martin J. C. van Gemert},
  editor = {A. J. Welch and Martin J. C. van Gemert},
  year = {1995},
  entrykey = {Gemert1995},
  pages = {47--72}
}

@INCOLLECTION{乙部2006,
  author-english = {Yoshiki Otobe and Paul Horton},
  publisher = {ソフトバンクパブリッシング},
  publisher-english = {Soft Bank Publishing},
  language = {Japanese},
  author = {{乙部} {厳己} and Paul Horton},
  title = {jBibTEXの使用法},
  alphalabel = {おとべ},
  yomi = {よしき おとべ and ポール ホートン},
  year = {2006},
  title-english = {How to use JBibTeX},
  entrykey = {乙部2006},
  pages = {17--24}
}

@ARTICLE{AA0000,
  author = {AA and AA bb},
  title = {None},
  alphalabel = {AAaz},
  volume = {10},
  year = {0000},
  entrykey = {AA0000}
}

@ARTICLE{Aspect1982,
  author = {Alain Aspect and Philippe Grangier and G{\'e}rard Roger},
  title = {Experimental realization of Einstein-Podolsky-Rosen-Bohm \textit{Gedenkenexperiment}: a new violation of Bell's inequalities},
  volume = {49},
  year = {1982},
  entrykey = {Aspect1982}
}

@ARTICLE{AAberg2010,
  entrykey = {AAberg2010},
  author = {I. {\AA}berg and B. Ackland and J. V. Beach and C. Godek and R. Johnson and C. A. King and A. Lattes and J. O'Neill and S. Pappas and T. S. Sriram and C. S. Rafferty},
  title = {A low dark current and high quantum efficiency monolithic Germanium-on-Silicon CMOS imager technology for day and night imaging applications},
  year = {2010}
}

@INCOLLECTION{Otobe2006,
  author-english = {Yoshiki Otobe and Paul Horton},
  publisher = {ソフトバンクパブリッシング},
  publisher-english = {Soft Bank Publishing},
  language = {Japanese},
  author = {{乙部} {厳己} and Paul Horton},
  title = {jBibTEXの使用法},
  alphalabel = {おとべ},
  yomi = {よしき おとべ and ポール ホートン},
  year = {2006},
  title-english = {How to use JBibTeX},
  entrykey = {Otobe2006},
  pages = {17--24}
}

@ARTICLE{Bunny1,
  sortname = {Elle Kwok-Yin Ting},
  title = {Looney tunes},
  sorttitle = {Wartime ideology and the American animated cartoon},
  author = {Bugs Bunny},
  year = {2001},
  entrykey = {Bunny1},
  sortyear = {1901}
}

