@ARTICLE{Tukey:1947:QIO,
  author = {John W. Tukey},
  title = {Question 4: Infinite observations},
  journal = {The American Statistician},
  volume = {1},
  number = {3},
  pages = {17--18},
  month = {????},
  year = {1947},
  CODEN = {ASTAAJ},
  ISSN = {0003-1305 (print), 1537-2731 (electronic)},
  ISSN-L = {0003-1305},
  bibdate = {Tue May 31 14:45:43 MDT 2011},
  bibsource = {http://www.math.utah.edu/pub/bibnet/authors/t/tukey-john-w.bib; http://www.math.utah.edu/pub/tex/bib/amstat.bib},
  acknowledgement = {Nelson H. F. Beebe, University of Utah, Department of Mathematics, 110 LCB, 155 S 1400 E RM 233, Salt Lake City, UT 84112-0090, USA, Tel: +1 801 581 5254, FAX: +1 801 581 4148, e-mail: \path|beebe@math.utah.edu|, \path|beebe@acm.org|, \path|beebe@computer.org| (Internet), URL: \path|http://www.math.utah.edu/~beebe/|},
  ASnumber = {17},
  fjournal = {The American Statistician},
  PMnumber = {17}
}

@ARTICLE{Tukey:1949:MSFa,
  author = {John W. Tukey},
  title = {Memorandum on statistics in the {Federal Government}, {Part I}},
  journal = {The American Statistician},
  volume = {3},
  number = {1},
  pages = {6--17},
  month = {????},
  year = {1949},
  CODEN = {ASTAAJ},
  ISSN = {0003-1305 (print), 1537-2731 (electronic)},
  ISSN-L = {0003-1305},
  bibdate = {Tue May 31 14:45:43 MDT 2011},
  bibsource = {http://www.math.utah.edu/pub/bibnet/authors/t/tukey-john-w.bib; http://www.math.utah.edu/pub/tex/bib/amstat.bib},
  acknowledgement = {Nelson H. F. Beebe, University of Utah, Department of Mathematics, 110 LCB, 155 S 1400 E RM 233, Salt Lake City, UT 84112-0090, USA, Tel: +1 801 581 5254, FAX: +1 801 581 4148, e-mail: \path|beebe@math.utah.edu|, \path|beebe@acm.org|, \path|beebe@computer.org| (Internet), URL: \path|http://www.math.utah.edu/~beebe/|},
  ASnumber = {22},
  fjournal = {The American Statistician},
  PMnumber = {32}
}

@ARTICLE{Tukey:1949:MSFb,
  author = {John W. Tukey},
  title = {Memorandum on statistics in the {Federal Government}, {Part II}},
  journal = {The American Statistician},
  volume = {3},
  number = {2},
  pages = {12--16},
  month = {????},
  year = {1949},
  CODEN = {ASTAAJ},
  ISSN = {0003-1305 (print), 1537-2731 (electronic)},
  ISSN-L = {0003-1305},
  bibdate = {Tue May 31 14:45:43 MDT 2011},
  bibsource = {http://www.math.utah.edu/pub/bibnet/authors/t/tukey-john-w.bib; http://www.math.utah.edu/pub/tex/bib/amstat.bib},
  acknowledgement = {Nelson H. F. Beebe, University of Utah, Department of Mathematics, 110 LCB, 155 S 1400 E RM 233, Salt Lake City, UT 84112-0090, USA, Tel: +1 801 581 5254, FAX: +1 801 581 4148, e-mail: \path|beebe@math.utah.edu|, \path|beebe@acm.org|, \path|beebe@computer.org| (Internet), URL: \path|http://www.math.utah.edu/~beebe/|},
  ASnumber = {23},
  fjournal = {The American Statistician},
  PMnumber = {33}
}

@ARTICLE{Tukey:1949:AQM,
  author = {John W. Tukey},
  title = {Answer to question 21: Maximum likelihood estimates, efficiency},
  journal = {The American Statistician},
  volume = {3},
  number = {4},
  pages = {12--12},
  month = {????},
  year = {1949},
  CODEN = {ASTAAJ},
  ISSN = {0003-1305 (print), 1537-2731 (electronic)},
  ISSN-L = {0003-1305},
  bibdate = {Tue May 31 14:45:43 MDT 2011},
  bibsource = {http://www.math.utah.edu/pub/bibnet/authors/t/tukey-john-w.bib; http://www.math.utah.edu/pub/tex/bib/amstat.bib},
  acknowledgement = {Nelson H. F. Beebe, University of Utah, Department of Mathematics, 110 LCB, 155 S 1400 E RM 233, Salt Lake City, UT 84112-0090, USA, Tel: +1 801 581 5254, FAX: +1 801 581 4148, e-mail: \path|beebe@math.utah.edu|, \path|beebe@acm.org|, \path|beebe@computer.org| (Internet), URL: \path|http://www.math.utah.edu/~beebe/|},
  ASnumber = {33},
  fjournal = {The American Statistician},
  PMnumber = {34, 47},
  remark = {McCullagh bibliography duplicates this entry.}
}

@ARTICLE{Tukey:1965:TTSb,
  author = {John W. Tukey},
  title = {The technical tools of statistics},
  journal = {The American Statistician},
  volume = {19},
  number = {2},
  pages = {23--28},
  month = {????},
  year = {1965},
  CODEN = {ASTAAJ},
  ISSN = {0003-1305 (print), 1537-2731 (electronic)},
  ISSN-L = {0003-1305},
  bibdate = {Tue May 31 14:45:43 MDT 2011},
  bibsource = {http://www.math.utah.edu/pub/bibnet/authors/t/tukey-john-w.bib; http://www.math.utah.edu/pub/tex/bib/amstat.bib},
  acknowledgement = {Nelson H. F. Beebe, University of Utah, Department of Mathematics, 110 LCB, 155 S 1400 E RM 233, Salt Lake City, UT 84112-0090, USA, Tel: +1 801 581 5254, FAX: +1 801 581 4148, e-mail: \path|beebe@math.utah.edu|, \path|beebe@acm.org|, \path|beebe@computer.org| (Internet), URL: \path|http://www.math.utah.edu/~beebe/|},
  ASnumber = {94},
  fjournal = {The American Statistician},
  PMnumber = {139}
}

@ARTICLE{Rathbun:1972:RPC,
  author = {Daniel B. Rathbun and W. Allen Wallis and Frederick Mosteller and Ansley J. Coale and Paul M. Densen and Solomon Fabricant and Robert D. Fisher and W. Braddock Hickman and William Kruskal and Stanley Lebergott and Richard M. Scammon and William H. Shaw and Frank D. Stella and James A. Suffridge and John W. Tukey},
  title = {The Report of the {President's Commission on Federal Statistics}},
  journal = {The American Statistician},
  volume = {26},
  number = {1},
  pages = {15--18},
  month = {2},
  year = {1972},
  CODEN = {ASTAAJ},
  ISSN = {0003-1305 (print), 1537-2731 (electronic)},
  ISSN-L = {0003-1305},
  bibdate = {Tue May 31 10:58:18 2011},
  bibsource = {http://www.math.utah.edu/pub/bibnet/authors/t/tukey-john-w.bib; http://www.math.utah.edu/pub/tex/bib/amstat.bib; JSTOR database},
  URL = {http://www.jstor.org/stable/2682840},
  acknowledgement = {Nelson H. F. Beebe, University of Utah, Department of Mathematics, 110 LCB, 155 S 1400 E RM 233, Salt Lake City, UT 84112-0090, USA, Tel: +1 801 581 5254, FAX: +1 801 581 4148, e-mail: \path|beebe@math.utah.edu|, \path|beebe@acm.org|, \path|beebe@computer.org| (Internet), URL: \path|http://www.math.utah.edu/~beebe/|},
  fjournal = {The American Statistician},
  PMnumber = {none}
}

@ARTICLE{McGill:1978:VBP,
  author = {R. McGill and John W. Tukey and W. A. Larsen},
  title = {Variations of {Box} plots},
  journal = {The American Statistician},
  volume = {32},
  number = {??},
  pages = {12--16},
  month = {????},
  year = {1978},
  CODEN = {ASTAAJ},
  ISSN = {0003-1305 (print), 1537-2731 (electronic)},
  ISSN-L = {0003-1305},
  bibdate = {Tue May 31 14:45:43 MDT 2011},
  bibsource = {http://www.math.utah.edu/pub/bibnet/authors/t/tukey-john-w.bib; http://www.math.utah.edu/pub/tex/bib/amstat.bib},
  acknowledgement = {Nelson H. F. Beebe, University of Utah, Department of Mathematics, 110 LCB, 155 S 1400 E RM 233, Salt Lake City, UT 84112-0090, USA, Tel: +1 801 581 5254, FAX: +1 801 581 4148, e-mail: \path|beebe@math.utah.edu|, \path|beebe@acm.org|, \path|beebe@computer.org| (Internet), URL: \path|http://www.math.utah.edu/~beebe/|},
  ASnumber = {123},
  fjournal = {The American Statistician},
  PMnumber = {231, 234},
  remark = {McCullagh bibliography duplicates this entry.}
}

@ARTICLE{Tukey:1980:WNB,
  author = {John W. Tukey},
  title = {We need both exploratory and confirmatory},
  journal = {The American Statistician},
  volume = {34},
  number = {??},
  pages = {23--25},
  month = {????},
  year = {1980},
  CODEN = {ASTAAJ},
  ISSN = {0003-1305 (print), 1537-2731 (electronic)},
  ISSN-L = {0003-1305},
  bibdate = {Tue May 31 14:45:43 MDT 2011},
  bibsource = {http://www.math.utah.edu/pub/bibnet/authors/t/tukey-john-w.bib; http://www.math.utah.edu/pub/tex/bib/amstat.bib},
  acknowledgement = {Nelson H. F. Beebe, University of Utah, Department of Mathematics, 110 LCB, 155 S 1400 E RM 233, Salt Lake City, UT 84112-0090, USA, Tel: +1 801 581 5254, FAX: +1 801 581 4148, e-mail: \path|beebe@math.utah.edu|, \path|beebe@acm.org|, \path|beebe@computer.org| (Internet), URL: \path|http://www.math.utah.edu/~beebe/|},
  ASnumber = {131},
  fjournal = {The American Statistician},
  PMnumber = {257}
}

@ARTICLE{Tukey:1985:DPP,
  author = {John W. Tukey},
  title = {Discussion: Projection Pursuit},
  journal = {The American Statistician},
  volume = {39},
  number = {2},
  pages = {517--518},
  month = {6},
  year = {1985},
  CODEN = {ASTAAJ},
  DOI = {http://dx.doi.org/10.1214/aos/1176349533},
  ISSN = {0003-1305 (print), 1537-2731 (electronic)},
  ISSN-L = {0003-1305},
  bibdate = {Sun Jun 05 14:54:48 2011},
  bibsource = {http://www.math.utah.edu/pub/bibnet/authors/t/tukey-john-w.bib; http://www.math.utah.edu/pub/tex/bib/amstat.bib},
  URL = {http://projecteuclid.org/euclid.aos/1176349533; http://www.jstor.org/stable/2241189},
  acknowledgement = {Nelson H. F. Beebe, University of Utah, Department of Mathematics, 110 LCB, 155 S 1400 E RM 233, Salt Lake City, UT 84112-0090, USA, Tel: +1 801 581 5254, FAX: +1 801 581 4148, e-mail: \path|beebe@math.utah.edu|, \path|beebe@acm.org|, \path|beebe@computer.org| (Internet), URL: \path|http://www.math.utah.edu/~beebe/|},
  fjournal = {The American Statistician},
  PMnumber = {286},
  xxtitle = {Comments on {{\em Projection pursuit}}}
}

@ARTICLE{Tukey:1985:CMI,
  author = {John W. Tukey},
  title = {Comments on {{\em More intelligent statistical software and statistical expert systems: Future directions}}},
  journal = {The American Statistician},
  volume = {39},
  number = {??},
  pages = {12--14},
  month = {????},
  year = {1985},
  CODEN = {ASTAAJ},
  ISSN = {0003-1305 (print), 1537-2731 (electronic)},
  ISSN-L = {0003-1305},
  bibdate = {Sun Jun 05 14:53:27 2011},
  bibsource = {http://www.math.utah.edu/pub/bibnet/authors/t/tukey-john-w.bib; http://www.math.utah.edu/pub/tex/bib/amstat.bib},
  acknowledgement = {Nelson H. F. Beebe, University of Utah, Department of Mathematics, 110 LCB, 155 S 1400 E RM 233, Salt Lake City, UT 84112-0090, USA, Tel: +1 801 581 5254, FAX: +1 801 581 4148, e-mail: \path|beebe@math.utah.edu|, \path|beebe@acm.org|, \path|beebe@computer.org| (Internet), URL: \path|http://www.math.utah.edu/~beebe/|},
  fjournal = {The American Statistician},
  PMnumber = {285}
}

@ARTICLE{Tukey:1986:SS,
  author = {John W. Tukey},
  title = {Sunset salvo},
  journal = {The American Statistician},
  volume = {40},
  number = {??},
  pages = {72--76},
  month = {????},
  year = {1986},
  CODEN = {ASTAAJ},
  ISSN = {0003-1305 (print), 1537-2731 (electronic)},
  ISSN-L = {0003-1305},
  bibdate = {Tue May 31 14:45:43 MDT 2011},
  bibsource = {http://www.math.utah.edu/pub/bibnet/authors/t/tukey-john-w.bib; http://www.math.utah.edu/pub/tex/bib/amstat.bib},
  acknowledgement = {Nelson H. F. Beebe, University of Utah, Department of Mathematics, 110 LCB, 155 S 1400 E RM 233, Salt Lake City, UT 84112-0090, USA, Tel: +1 801 581 5254, FAX: +1 801 581 4148, e-mail: \path|beebe@math.utah.edu|, \path|beebe@acm.org|, \path|beebe@computer.org| (Internet), URL: \path|http://www.math.utah.edu/~beebe/|},
  ASnumber = {137},
  fjournal = {The American Statistician},
  PMnumber = {308}
}

@ARTICLE{Goodall:1998:CUR,
  author = {Colin R. Goodall and Karen Kafadar and John W. Tukey},
  title = {Computing and Using Rural versus Urban Measures in Statistical Applications},
  journal = {The American Statistician},
  volume = {52},
  number = {2},
  pages = {101--111},
  month = {5},
  year = {1998},
  CODEN = {ASTAAJ},
  ISSN = {0003-1305 (print), 1537-2731 (electronic)},
  ISSN-L = {0003-1305},
  bibdate = {Thu Oct 19 10:18:19 MDT 2000},
  bibsource = {http://www.amstat.org/publications/tas/toc_98.html; http://www.math.utah.edu/pub/tex/bib/amstat.bib},
  URL = {http://www.amstat.org/publications/tas/abstracts_98/goodall.html; http://www.jstor.org/stable/2685467},
  acknowledgement = {Nelson H. F. Beebe, University of Utah, Department of Mathematics, 110 LCB, 155 S 1400 E RM 233, Salt Lake City, UT 84112-0090, USA, Tel: +1 801 581 5254, FAX: +1 801 581 4148, e-mail: \path|beebe@math.utah.edu|, \path|beebe@acm.org|, \path|beebe@computer.org| (Internet), URL: \path|http://www.math.utah.edu/~beebe/|},
  ASnumber = {162},
  fjournal = {The American Statistician},
  PMnumber = {423}
}

@ARTICLE{Rousseeuw:1999:BBB,
  author = {Peter J. Rousseeuw and Ida Ruts and John W. Tukey},
  title = {The Bagplot: {A} Bivariate Boxplot},
  journal = {The American Statistician},
  volume = {53},
  number = {4},
  pages = {382--??},
  month = {11},
  year = {1999},
  CODEN = {ASTAAJ},
  ISSN = {0003-1305 (print), 1537-2731 (electronic)},
  ISSN-L = {0003-1305},
  bibdate = {Thu Oct 19 10:18:22 MDT 2000},
  bibsource = {http://www.amstat.org/publications/tas/toc_99.html; http://www.math.utah.edu/pub/tex/bib/amstat.bib},
  acknowledgement = {Nelson H. F. Beebe, University of Utah, Department of Mathematics, 110 LCB, 155 S 1400 E RM 233, Salt Lake City, UT 84112-0090, USA, Tel: +1 801 581 5254, FAX: +1 801 581 4148, e-mail: \path|beebe@math.utah.edu|, \path|beebe@acm.org|, \path|beebe@computer.org| (Internet), URL: \path|http://www.math.utah.edu/~beebe/|},
  fjournal = {The American Statistician}
}

@ARTICLE{Almond:2000:DCG,
  author = {Russell G. Almond and Charles Lewis and John W. Tukey and Duanli Yan},
  title = {Displays for Comparing a Given State to Many Others},
  journal = {The American Statistician},
  volume = {54},
  number = {2},
  pages = {89--??},
  month = {5},
  year = {2000},
  CODEN = {ASTAAJ},
  ISSN = {0003-1305 (print), 1537-2731 (electronic)},
  ISSN-L = {0003-1305},
  bibdate = {Fri Jul 20 11:18:01 MDT 2001},
  bibsource = {http://www.amstat.org/publications/tas/; http://www.math.utah.edu/pub/tex/bib/amstat.bib},
  URL = {http://www.amstat.org/publications/tas/Almond.htm},
  acknowledgement = {Nelson H. F. Beebe, University of Utah, Department of Mathematics, 110 LCB, 155 S 1400 E RM 233, Salt Lake City, UT 84112-0090, USA, Tel: +1 801 581 5254, FAX: +1 801 581 4148, e-mail: \path|beebe@math.utah.edu|, \path|beebe@acm.org|, \path|beebe@computer.org| (Internet), URL: \path|http://www.math.utah.edu/~beebe/|},
  fjournal = {The American Statistician}
}

@INPROCEEDINGS{Karger:Scatter,
  author = {Douglas Cutting and David R. Karger and Jan Pedersen and John W. Tukey},
  title = {Scatter/Gather: A Cluster-based Approach to Browsing Large Document Collections},
  booktitle = {Proceedings of the  {$15^{th}$} Annual International {ACM} {SIGIR} Conference on Research and Development in Information Retrieval},
  venue = {SIGIR},
  year = {1992},
  month = {6},
  isbn = {0-89791-523-2},
  location = {Copenhagen, Denmark},
  doi = {http://doi.acm.org/10.1145/133160.133214},
  ps = {http://people.csail.mit.edu/karger/Papers/SIGIR92.ps},
  publisher = {ACM Press},
  cat = {Information Retrieval},
  pages = {318-329},
  abstract = {Document clustering has not been well received as an information retrieval tool. Objections to its use fall into two main categories: first, that clustering is too slow for large corpora (with running time often quadratic in the number of documents); and second, that clustering does not appreciably improve retrieval. We argue that these problems arise only when clustering is used in an attempt to improve conventional search techniques. However, looking at clustering as an information access tool in its own right obviates these objections, and provides a powerful new access paradigm. We present a document browsing technique that employs document clustering as its primary operation. We also present fast (linear time) clustering algorithms which support this interactive browsing paradigm.}
}

